@article{kingma_ae,
    title = {Auto-encoding variational bayes},
    url = {http://arxiv.org/abs/1312.6114},
    journal = {arXiv preprint arXiv:1312.6114},
    author = {Kingma, Diederik P. and Welling, Max},
    year = {2013}
}

@inproceedings{kulkarni2015deep,
  title={Deep convolutional inverse graphics network},
  author={Kulkarni, Tejas D and Whitney, William F and Kohli, Pushmeet and Tenenbaum, Josh},
  booktitle={Advances in Neural Information Processing Systems},
  pages={2539--2547},
  year={2015}
}

@article{dosovitskiy2016learning,
  title={Learning to Generate Chairs, Tables and Cars with Convolutional Networks},
  author={Dosovitskiy, Alexey and Springenberg, Jost and Tatarchenko, Maxim and Brox, Thomas},
  year={2016},
  publisher={IEEE}
}

@article{radford2015unsupervised,
  title={Unsupervised representation learning with deep convolutional generative adversarial networks},
  author={Radford, Alec and Metz, Luke and Chintala, Soumith},
  journal={arXiv preprint arXiv:1511.06434},
  year={2015}
}

@article{bowman_sent,
    title = {Generating {Sentences} from a {Continuous} {Space}},
    url = {http://arxiv.org/abs/1511.06349},
    journal = {arXiv:1511.06349 [cs]},
    author = {Bowman, Samuel R. and Vilnis, Luke and Vinyals, Oriol and Dai, Andrew M. and Jozefowicz, Rafal and Bengio, Samy},
    month = nov,
    year = {2015},
    note = {arXiv: 1511.06349},
    keywords = {Computer Science - Computation and Language, Computer Science - Learning},
}

@article{mia_nvi,
  title={Neural Variational Inference for Text Processing},
  author={Miao, Yishu and Yu, Lei and Blunsom, Phil},
  journal={arXiv preprint arXiv:1511.06038},
  year={2015}
}

@inproceedings{tang_gru,
  title={Document modeling with gated recurrent neural network for sentiment classification},
  author={Tang, Duyu and Qin, Bing and Liu, Ting},
  booktitle={Proceedings of the 2015 Conference on Empirical Methods in Natural Language Processing},
  pages={1422--1432},
  year={2015}
}

@article{mnih_neural,
  title={Neural variational inference and learning in belief networks},
  author={Mnih, Andriy and Gregor, Karol},
  journal={arXiv preprint arXiv:1402.0030},
  year={2014}
}

@inproceedings{goodfellow2014generative,
  title={Generative adversarial nets},
  author={Goodfellow, Ian and Pouget-Abadie, Jean and Mirza, Mehdi and Xu, Bing and Warde-Farley, David and Ozair, Sherjil and Courville, Aaron and Bengio, Yoshua},
  booktitle={Advances in Neural Information Processing Systems},
  pages={2672--2680},
  year={2014}
}

@inproceedings{chainer,
    title = {Chainer: a next-generation open source framework for deep learning},
    shorttitle = {Chainer},
    booktitle = {Proceedings of {Workshop} on {Machine} {Learning} {Systems} ({LearningSys}) in {The} {Twenty}-ninth {Annual} {Conference} on {Neural} {Information} {Processing} {Systems} ({NIPS})},
    author = {Tokui, Seiya and Oono, Kenta and Hido, Shohei and Clayton, Justin},
    year = {2015},
}

@article{jernite_var,
  title={A Fast Variational Approach for Learning Markov Random Field Language Models},
  author={Jernite, Yacine and Rush, Alexander and SOntag, David},
  journal={Proceedings of AAAI 2016, arxiv:1508.06615v4},
  year={2015}
}

@article{chen2016infogan,
  title={InfoGAN: Interpretable Representation Learning by Information Maximizing Generative Adversarial Nets},
  author={Chen, Xi and Duan, Yan and Houthooft, Rein and Schulman, John and Sutskever, Ilya and Abbeel, Pieter},
  journal={arXiv preprint arXiv:1606.03657},
  year={2016}
}

@inproceedings{maas2011learning,
  title={Learning word vectors for sentiment analysis},
  author={Maas, Andrew L and Daly, Raymond E and Pham, Peter T and Huang, Dan and Ng, Andrew Y and Potts, Christopher},
  booktitle={Proceedings of the 49th Annual Meeting of the Association for Computational Linguistics: Human Language Technologies-Volume 1},
  pages={142--150},
  year={2011},
  organization={Association for Computational Linguistics}
}


@article{instancenoise2016,
title={Instance Noise: A trick for stabilising GAN training},
author={Casper Kaae SÃ¸nderby},
year={2016},
url={http://www.inference.vc/instance-noise-a-trick-for-stabilising-gan-training/}
}

@article{howtotrainagan2016,
title={How to Train a GAN? Tips and tricks to make GANs work},
author={Chintala, Soumith and 
Denton, Emily and Arjovsky, 
Martin and Mathieu, Michael},
year={2016},
url={https://github.com/soumith/ganhacks#13-add-noise-to-inputs-decay-over-time}
}

@article{VincentBengioStackedAE,
 author = {Vincent, Pascal and Larochelle, Hugo and Lajoie, Isabelle and Bengio, Yoshua and Manzagol, Pierre-Antoine},
 title = {Stacked Denoising Autoencoders: Learning Useful Representations in a Deep Network with a Local Denoising Criterion},
 journal = {J. Mach. Learn. Res.},
 issue_date = {3/1/2010},
 volume = {11},
 month = dec,
 year = {2010},
 issn = {1532-4435},
 pages = {3371--3408},
 numpages = {38},
 url = {http://dl.acm.org/citation.cfm?id=1756006.1953039},
 acmid = {1953039},
 publisher = {JMLR.org},
}

@inproceedings{joulin2015inferring,
  title={Inferring algorithmic patterns with stack-augmented recurrent nets},
  author={Joulin, Armand and Mikolov, Tomas},
  booktitle={Advances in Neural Information Processing Systems},
  pages={190--198},
  year={2015}
}

@inproceedings{henaff2016recurrent,
  title={Recurrent Orthogonal Networks and Long-Memory Tasks},
  author={Henaff, Mikael and Szlam, Arthur and LeCun, Yann},
  booktitle={Proceedings of The 33rd International Conference on Machine Learning},
  pages={2034--2042},
  year={2016}
}

@unpublished{Goodfellow-et-al-2016-Book,
    title={Deep Learning},
    author={Ian Goodfellow and Yoshua Bengio and Aaron Courville},
    note={Book in preparation for MIT Press},
    url={http://www.deeplearningbook.org},
    year={2016}
}

@inproceedings{arjovskygan,
    title = {Towards Principled Methods For Training Generative Adversarial Networks},
    url = {https://openreview.net/pdf?id=Hk4_qw5xe},
    journal = {openreview:Hk4_qw5xe [ICLR 2017]},
    author = {Arjovsky, Martin and Bottou, Leon},
%   month = nov,
    year = {2016},
    note = {In review for ICLR 2017},
    booktitle = {NIPS 2016 Workshop on Adversarial Training},
    keywords = {Computer Science - Computation and Language, Computer Science - Learning},
}

@article{bishop1995training,
  title={Training with noise is equivalent to Tikhonov regularization},
  author={Bishop, Chris M},
  journal={Neural computation},
  volume={7},
  number={1},
  pages={108--116},
  year={1995},
  publisher={MIT Press}
}

@inproceedings{von1988factors,
  title={Factors influencing learning by backpropagation},
  author={Von Lehmen, A and Paek, EG and Liao, PF and Marrakchi, A and Patel, JS},
  booktitle={Neural Networks, 1988., IEEE International Conference on},
  pages={335--341},
  year={1988},
  organization={IEEE}
}

@article{holmstrom1992using,
  title={Using additive noise in back-propagation training},
  author={Holmstrom, Lasse and Koistinen, Petri},
  journal={IEEE Transactions on Neural Networks},
  volume={3},
  number={1},
  pages={24--38},
  year={1992},
  publisher={IEEE}
}

@article{jang2016categorical,
  title={Categorical Reparameterization with Gumbel-Softmax},
  author={Jang, Eric and Gu, Shixiang and Poole, Ben},
  journal={arXiv preprint arXiv:1611.01144},
  year={2016}
}

@article{odena2016conditional,
  title={Conditional Image Synthesis With Auxiliary Classifier GANs},
  author={Odena, Augustus and Olah, Christopher and Shlens, Jonathon},
  journal={arXiv preprint arXiv:1610.09585},
  year={2016}
}